@misc{million2007,
    title        = {The Hadamard Product},
    author       = {Elizabeth Million},
    year         = {2007},
    howpublished = {\url{http://buzzard.ups.edu/courses/2007spring/projects/million-paper.pdf}}
}

@book{Strang2016,
  author = {Gilbert Strang},
  title  = {Introduction to Linear Algebra},
  year   = {2016}
}